<record><leader>00000cas a2200000 a 4500</leader><controlfield tag="001">35083507</controlfield><controlfield tag="008">960715d1865187umiuwr ne      0    0eng c</controlfield><datafield ind1=" " ind2=" " tag="010"><subfield code="a">sn 96076842 </subfield></datafield><datafield ind1=" " ind2=" " tag="040"><subfield code="a">MHN</subfield><subfield code="b">eng</subfield><subfield code="c">MHN</subfield><subfield code="d">OCL</subfield><subfield code="d">OCLCQ</subfield><subfield code="d">OCLCF</subfield><subfield code="d">OCLCO</subfield></datafield><datafield ind1="1" ind2=" " tag="029"><subfield code="a">AU@</subfield><subfield code="b">000012679626</subfield></datafield><datafield ind1=" " ind2=" " tag="042"><subfield code="a">pcc</subfield></datafield><datafield ind1=" " ind2=" " tag="043"><subfield code="a">n-us-mi</subfield></datafield><datafield ind1="0" ind2=" " tag="130"><subfield code="a">Eaton Rapids journal (Eaton Rapids, Mich. : 1865)</subfield></datafield><datafield ind1="1" ind2="0" tag="245"><subfield code="a">Eaton Rapids journal.</subfield></datafield><datafield ind1=" " ind2=" " tag="260"><subfield code="a">Eaton Rapids, Mich. :</subfield><subfield code="b">J.B. Ten Eyck</subfield></datafield><datafield ind1=" " ind2=" " tag="300"><subfield code="a">v.</subfield></datafield><datafield ind1=" " ind2=" " tag="310"><subfield code="a">Weekly</subfield></datafield><datafield ind1="0" ind2=" " tag="362"><subfield code="a">Vol. 1, no. 1 (Dec. 7, 1865)-</subfield></datafield><datafield ind1=" " ind2="0" tag="651"><subfield code="a">Eaton Rapids (Mich.)</subfield><subfield code="v">Newspapers.</subfield></datafield><datafield ind1=" " ind2="0" tag="651"><subfield code="a">Eaton County (Mich.)</subfield><subfield code="v">Newspapers.</subfield></datafield><datafield ind1=" " ind2="7" tag="655"><subfield code="a">Newspapers.</subfield><subfield code="2">fast</subfield><subfield code="0">(OCoLC)fst01423814</subfield></datafield><datafield ind1=" " ind2="7" tag="651"><subfield code="a">Michigan</subfield><subfield code="z">Eaton County.</subfield><subfield code="2">fast</subfield><subfield code="0">(OCoLC)fst01214755</subfield></datafield><datafield ind1=" " ind2="7" tag="651"><subfield code="a">Michigan</subfield><subfield code="z">Eaton Rapids.</subfield><subfield code="2">fast</subfield><subfield code="0">(OCoLC)fst01233469</subfield></datafield><datafield ind1=" " ind2=" " tag="752"><subfield code="a">United States</subfield><subfield code="b">Michigan</subfield><subfield code="c">Eaton</subfield><subfield code="d">Eaton Rapids.</subfield></datafield><datafield ind1="0" ind2="0" tag="785"><subfield code="t">Saturday journal (Eaton Rapids, Mich.)</subfield><subfield code="w">(DLC)sn 85026467</subfield><subfield code="w">(OCoLC)12248804</subfield></datafield></record>